<?xml version="1.0" encoding="UTF-8"?>
<collection xmlns:xsi="http://www.w3.org/2001/XMLSchema-instance" xsi:schemaLocation="http://www.loc.gov/MARC21/slim http://www.loc.gov/standards/marcxml/schema/MARC21slim.xsd" xmlns="http://www.loc.gov/MARC21/slim">
<record>
  <leader>01071cam a2200241 a 4500</leader>
  <controlfield tag="001">3074010</controlfield>
  <controlfield tag="003">NNC</controlfield>
  <controlfield tag="005">20121018201408.0</controlfield>
  <controlfield tag="008">910620s1894    ua            000 0 araod</controlfield>
  <datafield tag="035" ind1=" " ind2=" ">
    <subfield code="a">(OCoLC)ocm23961428</subfield>
  </datafield>
  <datafield tag="035" ind1=" " ind2=" ">
    <subfield code="9">ATP7166CU</subfield>
  </datafield>
  <datafield tag="035" ind1=" " ind2=" ">
    <subfield code="a">(NNC)3074010</subfield>
  </datafield>
  <datafield tag="040" ind1=" " ind2=" ">
    <subfield code="a">CLE</subfield>
    <subfield code="c">CLE</subfield>
    <subfield code="d">ZCU</subfield>
  </datafield>
  <datafield tag="050" ind1="0" ind2=" ">
    <subfield code="a">PJ7510</subfield>
    <subfield code="b">.I24 1894</subfield>
  </datafield>
  <datafield tag="099" ind1=" " ind2=" ">
    <subfield code="a">893.741</subfield>
    <subfield code="a">N186</subfield>
  </datafield>
  <datafield tag="100" ind1="1" ind2=" ">
    <subfield code="a">Ibn al-Athīr, Ḍiyāʼ al-Dīn Naṣr Allāh ibn Muḥammad,</subfield>
    <subfield code="d">1163-1239.</subfield>
  </datafield>
  <datafield tag="245" ind1="1" ind2="3">
    <subfield code="a">al-Mathal al-sāʾir fī adab al-kātib wa-al-shāʻir /</subfield>
    <subfield code="c">li-Ḍiyāʾ al-Dīn Abī al-Fatḥ Naṣr Allāh ibn Muḥammad ibn Muḥammad ibn ʻAbd al-Karīm al-Mawṣilī ; wa-bi-hāmishihi kitāb Adab al-kātib, taʾlīf Abī Muḥammad ʻAbd Allāh ibn Muslim ibn Qutaybah al-Dīnawarī.</subfield>
  </datafield>
  <datafield tag="260" ind1=" " ind2=" ">
    <subfield code="a">Miṣr [Cairo] :</subfield>
    <subfield code="b">al-Maṭbaʻah al-Bahīyah,</subfield>
    <subfield code="c">1312 [1894]</subfield>
  </datafield>
  <datafield tag="300" ind1=" " ind2=" ">
    <subfield code="a">324, 4 p. ;</subfield>
    <subfield code="c">28 cm.</subfield>
  </datafield>
  <datafield tag="650" ind1=" " ind2="0">
    <subfield code="a">Arabic literature</subfield>
    <subfield code="x">History and criticism.</subfield>
  </datafield>
  <datafield tag="650" ind1=" " ind2="0">
    <subfield code="a">Arabic language</subfield>
    <subfield code="x">Style.</subfield>
  </datafield>
  <datafield tag="700" ind1="1" ind2="2">
    <subfield code="a">Ibn Qutaybah, ʻAbd Allāh ibn Muslim,</subfield>
    <subfield code="d">828-889?</subfield>
    <subfield code="t">Adab al-kātib.</subfield>
  </datafield>
  <datafield tag="955" ind1=" " ind2=" ">
    <subfield code="b">CU58884246</subfield>
    <subfield code="d">off,glx</subfield>
    <subfield code="e">893.741 N186</subfield>
  </datafield>
</record>
</collection>